

@misc{vrem_ryad,
	title= "Г. С. Кильдишев, А. А. Френкель. Анализ временных рядов и \mbox{прогнозирование} --- 2-е издание. --- Москва : Ленанд, 2021. --- 104 с. \mbox{(Дата обращения:~25.12.2022)}"
}


@misc{forecast,
	title= "В. Е. Снитюк Прогнозирование. Модели, методы, \mbox{алгоритмы.} --- 
	учебное пособие. --- К.: «Маклаут», 2008. --- 364 с.  \mbox{(Дата обращения:~25.12.2022)}"
}


@misc{anomaly,
	title= "С. Г. Антипов, М. В. Фомина Проблема обнаружения аномалий в \mbox{наборах} временных рядов --- Программные продукты и системы. 2012(2) --- c. 78--82. \mbox{(Дата обращения:~25.12.2022)}"
}

@misc{exponent,
	title= "Т. Р. Косовцева, В.В. Беляев Технологии обработки \mbox{экономической} \mbox{информации.} Адаптивные методы прогнозирования. \mbox{Учебное} пособие. --- СПб: Университет ИТМО, 2016, --- 31 с. \mbox{(Дата обращения:~25.12.2022)}"
}

@misc{winters,
	title= "Поздняков АС. Применение метода Хольта-Винтерса при \mbox{анализе} и прогнозировании динамики временных рядов --- Проблемы организации и управления на транспорте 2017 --- c. 57--64 \mbox{(Дата обращения:~25.12.2022)}"
}

@misc{comparison,
	title= "Выбор метода прогнозирования основных статистических \mbox{показателей} работы ГБУЗ {\guillemotleft}НИИ СП им. НВ Склифосовского \mbox{департамента} \mbox{здравоохранения} города Москвы{\guillemotright} / Б. Л. Курилин, В.~Я.~\mbox{Киселевская-Бабинина}, Н. А. Карасёв, И. В. Киселевская-Бабинина --- Журнал им. Н. В. Склифосовского Неотложная медицинская помощь, 2019 Т. 8, №3 --- с. 246--256 \mbox{(Дата обращения:~25.12.2022)}"
}

@misc{autoreg,
	title= " К. К. Васильев, В. Е. Дементьев Авторегрессионные модели \mbox{многомерных} изображений --- Наукоемкие технологии. --- 2013. --- Т. 14, № 5. --- с. 12--15. \mbox{(Дата обращения:~25.12.2022)}"
}

@misc{arma,
	title= "S. Makridakis, M. Hibon ARMA models and the Box–Jenkins methodology --- Journal of forecasting --- 1997 --- 16(3):147 --- 63 с.
	 \mbox{(Дата обращения:~25.12.2022)}"
}


@misc{arima,
	title= "Трегуб А. В., Трегуб И. В. Методика построения \mbox{модели} ARIMA для прогнозирования динамики временных рядов. Лесной вестник/Forestry bulletin --- 2011(5) --- c. 179--83. \mbox{(Дата обращения:~25.12.2022)}"
}

@misc{arimax,
	title = "J. Fan, R. Shan, X. Cao The analysis to tertiary-industry with ARIMAX model --- Journal of Mathematics Research --- 2009 --- 1(2) --- 156 c. \mbox{(Дата обращения:~25.12.2022)}"
}


@misc{arimax1,
	title= "D. Peter, P. Silvia ARIMA vs. ARIMAX --- which approach is better to analyze and forecast macroeconomic time series. --- InProceedings of 30th international conference mathematical methods in economics --- 2012 --- Vol. 2 --- c. 136--140 \mbox{(Дата обращения:~25.12.2022)}"
}

@misc{arimax2,
	title= "W. Anggraeni, R. A. Vinarti, Y. D. Kurniawati Performance comparisons between arima and arimax method in moslem kids clothes demand forecasting: Case study --- Procedia Computer Science --- 2015 --- 72:630 --- 7 с. \mbox{(Дата обращения:~25.12.2022)}"
}

@misc{arima-kal,
	title=  "Орлов А.И. Эконометрика --- Москва: Феникс --- 2009  \mbox{(Дата обращения:~25.12.2022)}"
}

@misc{zscore,
	title=  "S. Kappal Data normalization using median absolute deviation MMAD based Z-score for robust predictions vs. min–max normalization --- London Journal of Research in Science: Natural and Formal --- 2019 --- 19(4) --- 10~c.  \mbox{(Дата обращения:~25.12.2022)}"
}

@misc{cumsum,
	title=  "\pagebreak A. Lazarevic, V. Kumar Feature bagging for outlier detection --- InProceedings of the eleventh ACM SIGKDD international conference on Knowledge discovery in data mining --- 2005 --- c. 157--166 \mbox{(Дата обращения:~25.12.2022)}"
}

@misc{cumsum0,
	title=  "\nopagebreak\mbox{A. Lazarevic, V. Kumar Feature bagging for outlier detection --- InProceedings of the eleventh ACM SIGKDD international conference on Knowledge discovery in data mining --- 2005 --- c. 157--166 \mbox{(Дата обращения:~25.12.2022)})}"
}

@misc{ml,
	title=  "S. Omar, A. Ngadi , H. H. Jebur Machine learning techniques for anomaly detection: an overview --- International Journal of Computer Applications --- 2013 --- 79(2) \mbox{(Дата обращения:~25.12.2022)}"
}





